@book{TigerBook,
    title={{M}odern {C}ompiler {I}mplementation in {J}ava},
    author={Andrew W Appel},
    year={2002},
    publisher={Cambridge University Press},
    edition={2nd},
    pages={501}
}

@online{WinNT,
  title = {{c2 wiki} Tail Call Optimization },
  year = 2006,
  url = {http://wiki.c2.com/?TailCallOptimization},
  urldate = {2016-05-25}
}
